<?xml version="1.0" encoding="UTF-8"?><collection xmlns="http://www.loc.gov/MARC21/slim"><record><leader>00408nam--2200169-u-4500</leader><controlfield tag="001">000056435</controlfield><controlfield tag="002">20161230</controlfield><controlfield tag="005">20161230201052</controlfield><controlfield tag="008">151009s1000------------r-----000-0-rum-d</controlfield><datafield ind1=" " ind2=" " tag="040"><subfield code="a">IFIN-HH</subfield></datafield><datafield ind1=" " ind2=" " tag="041"><subfield code="a">rum</subfield></datafield><datafield ind1=" " ind2=" " tag="080"><subfield code="a">53(0613)</subfield></datafield><datafield ind1="1" ind2=" " tag="110"><subfield code="a">Academia Romana</subfield></datafield><datafield ind1="1" ind2="0" tag="245"><subfield code="a">Conferinta nationala de fizica 24-27 octombrie 1990, cluj</subfield></datafield><datafield ind1=" " ind2=" " tag="260"><subfield code="a">Cluj</subfield><subfield code="b">Universtatea</subfield><subfield code="c">1990</subfield></datafield><datafield ind1=" " ind2=" " tag="300"><subfield code="a">362P</subfield></datafield><datafield ind1=" " ind2=" " tag="852"><subfield code="a">79981</subfield></datafield></record></collection>